<record><leader>00000cas a22000007a 4500</leader><controlfield tag="001">10342495</controlfield><controlfield tag="008">840126d18581863meuwr ne      0    0eng d</controlfield><datafield ind1=" " ind2=" " tag="010"><subfield code="a">sn 84022324 </subfield></datafield><datafield ind1=" " ind2=" " tag="040"><subfield code="a">NPX</subfield><subfield code="b">eng</subfield><subfield code="c">NPX</subfield><subfield code="d">NVH</subfield><subfield code="d">OCLCQ</subfield></datafield><datafield ind1=" " ind2=" " tag="042"><subfield code="a">msc</subfield></datafield><datafield ind1=" " ind2=" " tag="043"><subfield code="a">n-us-me</subfield></datafield><datafield ind1="0" ind2="0" tag="245"><subfield code="a">Bridgton reporter.</subfield></datafield><datafield ind1=" " ind2=" " tag="260"><subfield code="a">Bridgton, Me. :</subfield><subfield code="b">S.H. Noyes</subfield></datafield><datafield ind1=" " ind2=" " tag="300"><subfield code="a">v.</subfield></datafield><datafield ind1=" " ind2=" " tag="310"><subfield code="a">Weekly</subfield></datafield><datafield ind1="1" ind2=" " tag="362"><subfield code="a">Ceased in 1863.</subfield></datafield><datafield ind1="0" ind2=" " tag="362"><subfield code="a">Vol. 1, no. 1 (Nov. 12, 1858)-</subfield></datafield><datafield ind1=" " ind2=" " tag="752"><subfield code="a">United States</subfield><subfield code="b">Maine</subfield><subfield code="c">Cumberland</subfield><subfield code="d">Bridgton.</subfield></datafield><datafield ind1="0" ind2="0" tag="780"><subfield code="t">Nashua oasis</subfield><subfield code="w">(DLC)sn 84037860</subfield></datafield><datafield ind1="0" ind2="0" tag="785"><subfield code="t">Bridgton sentinel</subfield></datafield></record>